<?xml version="1.0" encoding="UTF-8"?><record xmlns="http://www.loc.gov/MARC21/slim" xmlns:cinclude="http://apache.org/cocoon/include/1.0" xmlns:zs="http://www.loc.gov/zing/srw/">
  <leader>00448nz  a2200121n  4500</leader>
  <controlfield tag="001">n  98009180 </controlfield>
  <controlfield tag="003">DLC</controlfield>
  <controlfield tag="005">19980129162459.8</controlfield>
  <controlfield tag="008">980129n| acannaab|          |n aaa |||  </controlfield>
  <datafield tag="010" ind1=" " ind2=" ">
    <subfield code="a">n  98009180 </subfield>
  </datafield>
  <datafield tag="040" ind1=" " ind2=" ">
    <subfield code="a">DLC</subfield>
    <subfield code="c">DLC</subfield>
  </datafield>
  <datafield tag="100" ind1="1" ind2="0">
    <subfield code="a">Shishat︠s︡kiĭ, V. A.</subfield>
  </datafield>
  <datafield tag="670" ind1=" " ind2=" ">
    <subfield code="a">Predvybornai︠a︡ platforma kandidata na dolzhnostʹ Prezidenta Rossiĭskoĭ Federat︠s︡ii Zi︠u︡ganova Genadii︠a︡ Andreevicha, 1996?:</subfield>
    <subfield code="b">colophon (Shishat︠s︡kiĭ V.A.)</subfield>
  </datafield>
</record>